<record xmlns="http://www.loc.gov/MARC21/slim" xmlns:xsi="http://www.w3.org/2001/XMLSchema-instance" xsi:schemaLocation="http://www.loc.gov/MARC21/slim http://www.loc.gov/standards/marcxml/schema/MARC21slim.xsd"><leader>00701nz   2200169n  4500</leader><controlfield tag="001">oca01857000 </controlfield><controlfield tag="005">19870706064548.2</controlfield><controlfield tag="008">870518n| acannaab|          |a aaa |||  </controlfield><datafield ind1=" " ind2=" " tag="010"><subfield code="a">n  86122591 </subfield></datafield><datafield ind1=" " ind2=" " tag="040"><subfield code="a">DLC</subfield><subfield code="c">DLC</subfield></datafield><datafield ind1="0" ind2=" " tag="100"><subfield code="a">Phocylides,</subfield><subfield code="d">fl. 544-541 B.C.</subfield></datafield><datafield ind1="0" ind2=" " tag="400"><subfield code="a">Phōkylidēs,</subfield><subfield code="d">fl. 544-541 B.C.</subfield></datafield><datafield ind1="0" ind2=" " tag="400"><subfield code="a">Phocylides,</subfield><subfield code="c">of Miletus,</subfield><subfield code="d">fl. 544 B.C.</subfield><subfield code="w">nnaa</subfield></datafield><datafield ind1=" " ind2=" " tag="670"><subfield code="a">Theognis. Theognidis et Phocylidis fragmenta et adespota quaedam gnomica, 1978:</subfield><subfield code="b">t.p. (Phocylidis)</subfield></datafield><datafield ind1=" " ind2=" " tag="670"><subfield code="a">Oxford class. dict.</subfield><subfield code="b">(Phocylides, fl. 544-541 B.C., ele giac and hexameter poet of Miletus)</subfield></datafield><datafield ind1=" " ind2=" " tag="670"><subfield code="a">LC data base, 5-13-87</subfield><subfield code="b">(hdg.: Phocylides, of Miletus, fl. 544 B.C.)</subfield></datafield><datafield ind1=" " ind2=" " tag="670"><subfield code="a">Papyros-Larous.</subfield><subfield code="b">(Phōkylidēs)</subfield></datafield></record>